@proceedings{Sibgrapi2017,
	Address = {Niteroi, RJ, Brazil},
	Booktitle = {SIBGRAPI},
	Month = {October},
	Publisher = {{IEEE}},
	Title = {Proceedings of the 30th SIBGRAPI Conference on Graphics, Patterns and Images (SIBGRAPI)},
	Year = {2017}
}
% ------------------------------------------------------------------------
% BIBLIOGRAPHY FILE
% ------------------------------------------------------------------------
@inproceedings{ledley1990fundamentals,
  title={Fundamentals of true-color image processing},
  author={Ledley, RS and Buas, M and Golab, TJ},
  booktitle={Pattern Recognition, 1990. Proceedings., 10th International Conference on},
  volume={1},
  pages={791--795},
  year={1990},
  organization={IEEE}
}
@inproceedings{matheron2002birth,
  title={The birth of mathematical morphology},
  author={Matheron, Georges and Serra, Jean},
  booktitle={Proc. 6th Intl. Symp. Mathematical Morphology},
  pages={1--16},
  year={2002},
  organization={Sydney, Australia}
}
@misc{ wiki:segmentacion,
       author = "Wikipedia",
       title = "Segmentación (procesamiento de imágenes) --- Wikipedia{,} La enciclopedia libre",
       year = "2017",
       url = "https://es.wikipedia.org/w/index.php?title=Segmentaci%C3%B3n_(procesamiento_de_im%C3%A1genes)&oldid=98575761"
}

@article{rafael2002digital,
  title={Digital image processing},
  author={Rafael Gonzalez, C and Woods, Richard},
  journal={Pearson Education},
  year={2002}
}
@article{gonzalesdigital,
  title={Digital image processing, 1993},
  author={Gonzales, Rafael C and Woods, Richard E},
  journal={Addisio-Wesley Publishing Company}
}

@article{barnett1976ordering,
  title={The ordering of multivariate data},
  author={Barnett, Vic},
  journal={Journal of the Royal Statistical Society. Series A (General)},
  pages={318--355},
  year={1976},
  publisher={JSTOR}
}
@book{burger2016digital,
  title={Digital image processing: an algorithmic introduction using Java},
  author={Burger, Wilhelm and Burge, Mark J},
  year={2016},
  publisher={Springer}
}
%Base de Datos de Berkeley
@InProceedings{MartinFTM01,
  author = {D. Martin and C. Fowlkes and D. Tal and J. Malik},
  title = {A Database of Human Segmented Natural Images and its
           Application to Evaluating Segmentation Algorithms and
           Measuring Ecological Statistics},
  booktitle = {Proc. 8th Int'l Conf. Computer Vision},
  year = {2001},
  month = {July},
  volume = {2},
  pages = {416--423}
}

@InProceedings{Meyer,
  author = {F. Meyer},
  title = {Color Image Segmentation},
  booktitle = {Proc. Int. Conf. Image Processing Applications},
  year = {1992},
  pages = {303--306}
}

@InProceedings{MeyerBeucher,
  author = {F. MEYER AND S. BEUCHER},
  title = {Morphological Segmentation},
  booktitle = {Journal of Visual Communication and Image Representation},
  year = {1990},
  month = {September},
  volume = {1},
  number = {1},
  pages = {21--46}
}


@InProceedings{VincentSoille,
  author = {L. Vincent and P. Soille},
  title = {Watersheds in digital spaces: An efficient al-
gorithm based on immersions simulations},
  booktitle = {IEEE Trans. Pattern Anal. Machine Intell},
  month = {June},
  volume = {13},
  year = {1991},
  pages = {583--598}
}

@InProceedings{Lezoray,
  author = {Olivier Lezoray and Hubert Cardot},
  title = {Cooperation of Color Pixel Classification Schemes and Color Watershed:A Study for Microscopic Images},
  booktitle = {IEEE TRANSACTIONS ON IMAGE PROCESSING},
  number = {7},
  month = {July},
  volume = {11},
  year = {2002},
  pages = {783--789}
}

@InProceedings{Yang,
  author = {Xiaodong Yang, Houqiang Li, and Xiaobo Zhou},
  title = {Nuclei Segmentation Using Marker-Controlled Watershed, Tracking Using Mean-Shift, and Kalman Filter in Time-Lapse Microscopy},
  booktitle = {IEEE TRANSACTIONS ON CIRCUITS AND SYSTEMS—I: REGULAR PAPERS},
  number = {11},
  month = {November},
  volume = {53},
  year = {2006},
  pages = {2405--2414}
}

@article{serna,
	Abstract = {El trabajo que se presenta en este artículo se desarrolla en el marco del procesamiento digital de imágenes. En particular, se hace una revisión bibliográfica del algoritmo watershed (en español: línea divisoria de aguas), el cual es una técnica de segmentación basada en morfología que permite encontrar regiones de una imagen. Es una técnica flexible y eficiente para segmentación de imágenes, aconsejable para imágenes con texturas homogéneas y con gradiente de intensidad débiles. Es ampliamente utilizada en procesamiento de imágenes médicas, en particular, es una técnica eficiente para el análisis de manchas (spots) de proteínas en imágenes de electroforesis en geles de dos dimensiones (2-DE).},
    Author = {Nora La Serna Palomino, Luzmila Pró Concepción},
	Journal = {Revista de Investigación de Sistemas e Informática},
	title = {Watershed: un algoritmo eficiente y flexible para segmentación de imágenes de geles 2-DE},
	Year = {2010}}


@article{parwashed,
	Abstract = {The watershed transform is the method of choice for image segmentation in the field of mathematical morphology. We present a critical review of several definitions of the watershed transform and the associated sequential algorithms, and discuss various issues which often cause confusion in the literature. The need to distinguish between definition, algorithm specification and algorithm implementation is pointed out. Various examples are given which illustrate differences between watershed transforms based on different definitions and/or implementations. The second part of the paper surveys approaches for parallel implementation of sequential watershed algorithms.},
	Author = {Jos B.T.M. Roerdink and Arnold Meijster},
	Journal = {Fundamenta Informaticae 41},
	title = {The Watershed Transform: Definitions, Algorithms and Parallelization Strategies},
	Year = {2001}}

@article{louverdis2002new,
  title={A new approach to morphological color image processing},
  author={Louverdis, Gerasimos and Vardavoulia, Maria I and Andreadis, Ioannis and Tsalides, Ph},
  journal={Pattern recognition},
  volume={35},
  number={8},
  pages={1733--1741},
  year={2002},
  publisher={Elsevier}
}
    
@article{OrtizZamora,
	Author = {Francisco Ortiz Zamora, Fernando Torres Medina y Jesús Angulo López},
	title = {Segmentación de Imágenes Aéreas mediante Morfología Matemática en Color y Geodesia Cromática}}
    
@article{OrtizZamora2002,
	Author = {Francisco Ortiz Zamora, Fernando Torres Medina},
	title = {Procesamiento morfológico de imágenes en color. Aplicación a la reconstrucción geodésica},
	Year = {2002}}
    
@article{lantuejoul,
	Author = {S. Beucher and C. Lantuejoul},
    Journal = {Int. Workshop on Image Processing, Real-Time edge and motion detection/estimation},
	title = {Use of Watershed in contour detection},
	Year = {1979}}
    
@article{Saarinen,
	Author = {Kari Saarinen},
	title = {COLOR IMAGE SEGMENTATION BY A WATERSHED ALGORITHM AND REGION ADJACENCY GRAPH PROCESSING},
	Year = {1994}}

@article{morphgrad,
	Author = {Jean-F. Rivest, Pierre Soille and Serge Beucher},
	title = {Mophological gradients}}

@article{beucher,
	Author = {S. Beucher},
    Journal = {Centre de Morphologie Mathématique, France},
	title = {THE WATERSHED TRANSFORMATION APPLIED TO IMAGE SEGMENTATION},
	Year = {1992}}

@article{carrasco,
	Author = {Carrasco, Z.},
    Journal = {Universidad de Santiago de Chile, Facultad de Ingeniería, Master’s thesis},
	title = {Segmentación de Fallas en Soldaduras Utilizando Técnicas de Procesamiento Digital de Imágenes},
	Year = {2003}}
    
@inproceedings{noguera2014color,
  title={A color morphological ordering method based on additive and subtractive spaces},
  author={Noguera, Jos{\'e} Luis V{\'a}zquez and Ayala, Horacio Legal and Schaerer, Christian E and Facon, Jacques},
  booktitle={2014 IEEE International Conference on Image Processing (ICIP)},
  pages={674--678},
  year={2014},
  organization={IEEE}
}

@inproceedings{aptoula2007,
  title={A comparative study on multivariate mathematical morphology},
  author={Aptoula E, Lefevre S},
  booktitle={Pattern Recognition 40},
  pages={2914--2929},
  year={2007}
}

@inproceedings{aptoula2008,
  title={On lexicographical ordering in
  multivariate mathematical morphology},
  author={Aptoula E, Lefevre S},
  booktitle={Pattern Recognition Letters
  29},
  pages={109--118},
  year={2008}
}

@article{hanbury2001mathematical,
  title={Mathematical morphology in the L* a* b* colour space},
  author={Hanbury, Allan and Serra, Jean and others},
  journal={Perancis: Centre de Morphologie Math{\'e}matique Ecole des Mines de Paris},
  year={2001}
}
@inproceedings{angulo2003morphological,
  title={Morphological coding of color images by vector connected filters},
  author={Angulo, Jes{\'u}s and Serra, Jean},
  booktitle={Signal Processing and Its Applications, 2003. Proceedings. Seventh International Symposium on},
  volume={1},
  pages={69--72},
  year={2003},
  organization={IEEE}
}

@inproceedings{noguera2013mathematical,
  title={Mathematical morphology for counting Trypanosoma cruzi amastigotes},
  author={Noguera, Jose Luis Vazquez and Ayala, Horacio Legal and Schaerer, Christian E and Rolon, Miriam},
  booktitle={Computing Conference (CLEI), 2013 XXXIX Latin American},
  pages={1--12},
  year={2013},
  organization={IEEE}
}

@article{de2006analise,
  title={Análise de expressao de fatores envolvidos na síntese de proteínas durante o ciclo de vida de Leishmania sp.},
  author={de Oliveira Rocha, Pollyanna},
  year={2006},
  publisher={Universidade Federal de Pernambuco}
}

@article{de2014segmentation,
  title={Segmentation of somatic cells in goat milk using color space cielab},
  author={de Melo, Gabriel Jesus Alves and Gomes, Viviani and Baccili, Camila Costa and de Almeida, Luiz Alberto Luz and de Castro Lima, Antonio Cezar},
  journal={J. Agric. Sci. Technol. A},
  volume={4},
  number={1},
  pages={865--873},
  year={2014}
}

@article{trouiller2002drug,
  title={Drug development for neglected diseases: a deficient market and a public-health policy failure},
  author={Trouiller, Patrice and Olliaro, Piero and Torreele, Els and Orbinski, James and Laing, Richard and Ford, Nathan},
  journal={The Lancet},
  volume={359},
  number={9324},
  pages={2188--2194},
  year={2002},
  publisher={Elsevier}
}

@article{engel2010image,
  title={Image-based high-throughput drug screening targeting the intracellular stage of Trypanosoma cruzi, the agent of Chagas' disease},
  author={Engel, Juan C and Ang, Kenny KH and Chen, Steven and Arkin, Michelle R and McKerrow, James H and Doyle, Patricia S},
  journal={Antimicrobial agents and chemotherapy},
  volume={54},
  number={8},
  pages={3326--3334},
  year={2010},
  publisher={Am Soc Microbiol}
}
@article{robertson1977cie,
  title={The CIE 1976 Color-Difference Formulae},
  author={Robertson, Alan R},
  journal={Color Research \& Application},
  volume={2},
  number={1},
  pages={7--11},
  year={1977},
  publisher={Wiley Online Library}
}
@article{connolly1997study,
  title={A study of efficiency and accuracy in the transformation from RGB to CIELAB color space},
  author={Connolly, Christine and Fleiss, T},
  journal={IEEE Transactions on Image Processing},
  volume={6},
  number={7},
  pages={1046--1048},
  year={1997},
  publisher={IEEE}
}
@article{nohara2010high,
  title={High-content imaging for automated determination of host-cell infection rate by the intracellular parasite Trypanosoma cruzi},
  author={Nohara, LL and Lema, C and Bader, JO and Aguilera, RJ and Almeida, IC},
  journal={Parasitology international},
  volume={59},
  number={4},
  pages={565--570},
  year={2010},
  publisher={Elsevier}
}
@article{lambert2000extending,
  title={Extending mathematical morphology to color image processing},
  author={Lambert, Patrick and Chanussot, Jocelyn},
  journal={Proc. CGIP 2000},
  year={2000}
}
@article{mendez1996leishmania,
  title={Leishmania infantum: infection of macrophages in vitro with promastigotes},
  author={M{\'e}ndez, Susana and Nell, Marja and Alunda, Jos{\'e}M},
  journal={International journal for parasitology},
  volume={26},
  number={6},
  pages={619--622},
  year={1996},
  publisher={Elsevier}
}

@book{poynton2012digital,
  title={Digital video and HD: Algorithms and Interfaces},
  author={Poynton, Charles},
  year={2012},
  publisher={Elsevier}
}
% METODOS DE ORDEN
@article{chanussot1998total,
  title={Total ordering based on space filling curves for multivalued morphology},
  author={Chanussot, Jocelyn and Lambert, Patrick},
  journal={Computational Imaging and Vision},
  volume={12},
  pages={51--58},
  year={1998},
  publisher={Kluwer Academic Publishers}
}

@inproceedings{talbot98complete,
  title={Complete ordering and multivariatee mathematical morphology: Algorithms and applications},
  author={Talbot, H and Evans, C and Jones, R},
  booktitle={Proceedingsceedings of the International Symposium on Mathematical Morphology (ISMM'98),(ISMM'98)},
  pages={27--34}
}
@phdthesis{angulo2003morphologie,
  title={Morphologie math{\'e}matique et indexation d'images couleur: application {\`a} la microscopie en biom{\'e}decine},
  author={Angulo, Jes{\'u}s},
  year={2003},
  school={{\'E}cole Nationale Sup{\'e}rieure des Mines de Paris}
}

@inproceedings{chanussot1997bit,
  title={Bit mixing paradigm for multivalued morphological filters},
  author={Chanussot, J and Lambert, P},
  booktitle={Image Processing and Its Applications, 1997., Sixth International Conference on},
  volume={2},
  pages={804--808},
  year={1997},
  organization={IET}
}

@article{lozano2013global,
  title={Global and regional mortality from 235 causes of death for 20 age groups in 1990 and 2010: a systematic analysis for the Global Burden of Disease Study 2010},
  author={Lozano, Rafael and Naghavi, Mohsen and Foreman, Kyle and Lim, Stephen and Shibuya, Kenji and Aboyans, Victor and Abraham, Jerry and Adair, Timothy and Aggarwal, Rakesh and Ahn, Stephanie Y and others},
  journal={The Lancet},
  volume={380},
  number={9859},
  pages={2095--2128},
  year={2013},
  publisher={Elsevier}
}

@article{nery1968surto,
  title={Um surto epid{\^e}mico de doen{\c{c}}a de Chagas de prov{\'a}vel transmiss{\~a}o digestiva, ocorrido em Teut{\^o}nia (Estrela, Rio Grande do Sul)},
  author={Nery-Guimar{\~a}es, F and Silva, NN and Clausell, DT and Mello, AL and Rapone, T and Snell, T and Rodrigues, N},
  journal={Hospital},
  volume={73},
  pages={1767--1804},
  year={1968}
}

@article{yeung2001details,
  title={Details of the adjusted rand index and clustering algorithms, supplement to the paper an empirical study on principal component analysis for clustering gene expression data},
  author={Yeung, Ka Yee and Ruzzo, Walter L},
  journal={Bioinformatics},
  volume={17},
  number={9},
  pages={763--774},
  year={2001}
}

@inproceedings{unnikrishnan2007measure,
  title={A measure for objective evaluation of image segmentation algorithms},
  author={Unnikrishnan, Ranjith and Pantofaru, Caroline and Hebert, Martial},
  booktitle={Computer Vision and Pattern Recognition-Workshops, 2005. CVPR Workshops. IEEE Computer Society Conference on},
  pages={34--34},
  year={2005},
  organization={IEEE}
}

@inproceedings{unnikrishnan2005measures,
  title={Measures of similarity},
  author={Unnikrishnan, Ranjith and Hebert, Martial},
  booktitle={Application of Computer Vision, 2005. WACV/MOTIONS'05 Volume 1. Seventh IEEE Workshops on},
  volume={1},
  pages={394--394},
  year={2005},
  organization={IEEE}
}

@article{rand1971objective,
  title={Objective criteria for the evaluation of clustering methods},
  author={Rand, William M},
  journal={Journal of the American Statistical association},
  volume={66},
  number={336},
  pages={846--850},
  year={1971},
  publisher={Taylor \& Francis Group}
}
@misc{ beucher-watershed,
       author = "Serge Beucher",
       title = "Proceso Watershed",
       year = "2010",
       url = "http://cmm.ensmp.fr/~beucher/wtshed.html"
}